@Book{DiBattista:1998,
  author =    {{D}i {B}attista, G. and Eades, P. and Tamassia, R. and Tollis, I.~G.},
  title =     {Graph Drawing: Algorithms for the Visualization of Graphs},
  year =      {1998},
  publisher = {Prentice Hall},
  address =   {New Jersey},
}

@Book{Kaufmann:2001,
  author =    {Kaufmann, M. and Wagner, D.},
  title =     {Drawing Graphs: Methods and Models},
  year =      {2001},
  volume =    {2025},
  series =    {Lecture Notes in Computer Science Tutorial},
  publisher = {Springer},
}

@article{Hucka:2003,
     AUTHOR = {Hucka, M. and Finney, A. and Sauro, H.~M. and Bolouri, H. and Doyle, J.~C. and Kitano, H. and Arkin, A.~P.
               and Bornstein, B.~J. and Bray, D. and Cornish-Bowden, A. and Cuellar, A.~A. and Dronov, S. and Gilles, E.~D.
               and Ginkel, M. and Gor, V. and Goryanin, I.~I. and Hedley, W.~J. and Hodgman, T.~C. and Hofmeyr, J.-H.
               and Hunter, P.~J. and Juty, N.~S. and Kasberger, J.~L. and Kremling, A. and Kummer, U. and Le Nov\`{e}re, N.
               and Loew, L.~M.  and Lucio, D. and Mendes, P. and Minch, E. and Mjolsness, E.~D.  and Nakayama, Y. and Nelson, M.~R.
               and Nielsen, P.~F. and Sakurada, T. and Schaff, J.~C. and Shapiro, B.~E. and Shimizu, T.~S.  and Spence, H.~D.
               and Stelling, J. and Takahashi, K. and Tomita, M. and Wagner, J. and Wang, J.},
      TITLE = {The {S}ystems {B}iology {M}arkup {L}anguage ({SBML}): A Medium for Representation and Exchange of Biochemical Network Models},
    JOURNAL = {Bioinformatics},
     VOLUME = {19},
     NUMBER = {4},
      PAGES = {524--531},
       YEAR = {2003},
}

@TechReport{Lenov:2008,
  author =   {Le Nov\`{e}re, N. and Moodie, S. and Sorokin, A. and Hucka, M. and Schreiber, F. and Demir, E. and Mi, H. and Matsuoka, Y.
              and Wegner, K. and Kitano, H.},
  title =    {Systems Biology Graphical Notation: Process Diagram Level 1},
  institution = {},
  year =     {2008},
  type =     {Nature Precedings},
  doi =      {10101/npre.2008.2320.1}
}

@Article{Adorno:2009,
  author = 	 {M. Adorno and M. Cordenonsi and M. Montagner and S. Dupont and C. Wong and B. Hann and A. Solari and
  S. Bobisse and M.~B. Rondina and V. Guzzardo and A.~R. Parenti and A. Rosato and S. Bicciato and A. Balmain and S. Piccolo},
  title = 	 {A Mutant-p53/Smad complex opposes p63 to empower {TGF}beta-induced metastasis},
  journal =  {Cell},
  year = 	 {2009},
  volume =	 {137},
  number =	 {1},
  pages =	 {87--98}
}

@Article{Pan:2009,
  author = 	 {D. Pan and M. Fujimoto and A. Lopes and Y. Wang},
  title = 	 {Twist-1 Is a {PPAR}$\delta$-Inducible, Negative-Feedback Regulator of {PGC}-1$\alpha$ in Brown Fat Metabolism },
  journal =  {Cell},
  year = 	 {2009},
  volume =	 {137},
  number =	 {1},
  pages =	 {73--86}
}

@Article{Massague:1998,
  author = 	 {J. Massague},
  title = 	 {{TGF}-beta signal transduction},
  journal =  {Annual Review Biochemistry},
  year = 	 {1998},
  volume =	 {67},
  pages =	 {753--791}
}

@Article{Derynck:2001,
  author = 	 {R. Derynck and R.~J. Akhurst and A. Balmain},
  title = 	 {{TGF}-beta signaling in tumor suppression and cancer progression},
  journal =  {Nature Genetics},
  year = 	 {2001},
  volume =	 {29},
  number =	 {2},
  pages =	 {117--129}
}

